@inproceedings{inproceedings,
author = {Cao, Yuzhong and Wu, Guoquan and Chen, Wei and Wei, Jun},
year = {2018},
month = {09},
pages = {1-6},
title = {CrawlDroid: Effective Model-based GUI Testing of Android Apps},
isbn = {978-1-4503-6590-1},
journal = {Internetware '18: Proceedings of the Tenth Asia-Pacific Symposium on Internetware},
doi = {10.1145/3275219.3275238}
}