%% This BibTeX bibliography file was created using BibDesk.
%% http://bibdesk.sourceforge.net/

%% Created for Mario Linares at 2018-12-01 20:41:37 -0500 


%% Saved with string encoding Unicode (UTF-8) 


@INPROCEEDINGS{8530063,
  author={S. {Liñán} and L. {Bello-Jiménez} and M. {Arévalo} and M. {Linares-Vásquez}},
  booktitle={2018 IEEE International Conference on Software Maintenance and Evolution (ICSME)}, 
  title={Automated Extraction of Augmented Models for Android Apps}, 
  year={2018},
  volume={},
  number={},
  pages={549-553},}

@INPROCEEDINGS{7372031,
  author={S. R. {Choudhary} and A. {Gorla} and A. {Orso}},
  booktitle={2015 30th IEEE/ACM International Conference on Automated Software Engineering (ASE)}, 
  title={Automated Test Input Generation for Android: Are We There Yet? (E)}, 
  year={2015},
  volume={},
  number={},
  pages={429-440},}

@inproceedings{inproceedings,
author = {Cao, Yuzhong and Wu, Guoquan and Chen, Wei and Wei, Jun},
year = {2018},
month = {09},
pages = {1-6},
title = {CrawlDroid: Effective Model-based GUI Testing of Android Apps},
isbn = {978-1-4503-6590-1},
journal = {Internetware '18: Proceedings of the Tenth Asia-Pacific Symposium on Internetware},
doi = {10.1145/3275219.3275238}
}

@INPROCEEDINGS{7965248,
  author={ {Yuanchun Li} and  {Ziyue Yang} and  {Yao Guo} and  {Xiangqun Chen}},
  booktitle={2017 IEEE/ACM 39th International Conference on Software Engineering Companion (ICSE-C)}, 
  title={DroidBot: a lightweight UI-Guided test input generator for android}, 
  year={2017},
  volume={},
  number={},
  pages={23-26},}
