@INPROCEEDINGS{7372031,
  author={S. R. {Choudhary} and A. {Gorla} and A. {Orso}},
  booktitle={2015 30th IEEE/ACM International Conference on Automated Software Engineering (ASE)}, 
  title={Automated Test Input Generation for Android: Are We There Yet? (E)}, 
  year={2015},
  volume={},
  number={},
  pages={429-440},}
