@INPROCEEDINGS{7965248,
  author={ {Yuanchun Li} and  {Ziyue Yang} and  {Yao Guo} and  {Xiangqun Chen}},
  booktitle={2017 IEEE/ACM 39th International Conference on Software Engineering Companion (ICSE-C)}, 
  title={DroidBot: a lightweight UI-Guided test input generator for android}, 
  year={2017},
  volume={},
  number={},
  pages={23-26},}
