@INPROCEEDINGS{8530063,
  author={S. {Liñán} and L. {Bello-Jiménez} and M. {Arévalo} and M. {Linares-Vásquez}},
  booktitle={2018 IEEE International Conference on Software Maintenance and Evolution (ICSME)}, 
  title={Automated Extraction of Augmented Models for Android Apps}, 
  year={2018},
  volume={},
  number={},
  pages={549-553},}
